@misc{bsim_racing,
  author = {BSIM Racing},
  title = {Hardware – SIM Race F1 DIY kit by Sim Display},
  howpublished = {\url{http://www.bsimracing.com/hardware-sim-race-f1-diy-kit-sim-display/}},
  year = {2013}, 
  note = {Online; accessed 16-May-2017}
}

@misc{daily_mail_1,
  author = {Mark Prigg},
  title = {Think your car’s dashboard is complicated? The incredible graphic that reveals the screens, buttons, dials and switches on an Formula 1 steering wheel},
  howpublished = {\url{http://www.dailymail.co.uk/sciencetech/article-2623514/The-incredible-graphic-reveals-screens-buttons-dials-switches-Sauber-Formula-1-steering-wheel.html}},
  year = {2014}, 
  note = {Online; accessed 16-May-2017}
}

@misc{display_datasheet,
  author = {MIDAS},
  title = {MCT035AB0W320240LML},
  howpublished = {\url{http://www.farnell.com/datasheets/2151538.pdf?_ga=2.232619551.1850205978.1494935936-1699718551.1494935936}},
  year = {2011}, 
  note = {Online; accessed 16-May-2017}
}

@misc{dotstar_datasheet,
  author = {iPixel LED - Shiji Lighting},
  title = {DotStar Datasheet},
  howpublished = {\url{https://cdn-shop.adafruit.com/product-files/2343/APA102C.pdf}},
  year = {2017}, 
  note = {Online; accessed 16-May-2017}
}

@misc{dotstar_library,
  author = {PaintYourDragon},
  title = {DotStar Library - GitHub},
  howpublished = {\url{https://github.com/adafruit/Adafruit_DotStar}},
  year = {2017}, 
  note = {Online; accessed 18-May-2017}
}

@misc{due_can,
  author = {collin80},
  title = {Due CAN Library - GitHub},
  howpublished = {\url{https://github.com/collin80/due_can}},
  year = {2017}, 
  note = {Online; accessed 16-May-2017}
}

@misc{due_flash_storage,
  author = {Sebastian Nilsson},
  title = {Due Flash Storage Library - GitHub},
  howpublished = {\url{https://github.com/sebnil/DueFlashStorage}},
  year = {2017}, 
  note = {Online; accessed 16-May-2017}
}

@misc{pcb_train,
  author = {PCBTrain},
  title = {PCBTrain},
  howpublished = {\url{https://www.pcbtrain.co.uk/}},
  year = {2017}, 
  note = {Online; accessed 16-May-2017}
}

@misc{can_transciever,
  author = {Microchip},
  title = {CAN Tranciever - MCP2562-E/SN},
  howpublished = {\url{http://www.farnell.com/datasheets/1885777.pdf?_ga=2.179700132.1268311443.1495050660-126531091.1495018934}},
  year = {2017}, 
  note = {Online; accessed 17-May-2017}
}

@misc{psu_1,
  author = {Texas Instruments},
  title = {Power Supply Unit - TPS563209DDCT},
  howpublished = {\url{http://www.ti.com/lit/ds/symlink/tps563209.pdf}},
  year = {2017}, 
  note = {Online; accessed 17-May-2017}
}

@misc{psu_2,
  author = {Texas Instruments},
  title = {Power Supply Unit - TPS562201DDCT},
  howpublished = {\url{http://www.ti.com/lit/ds/symlink/tps562201.pdf}},
  year = {2017}, 
  note = {Online; accessed 17-May-2017}
}

@misc{microcontroller,
  author = {Atmel},
  title = {AT91SAM ARM-based Flash MCU - SAM3X SAM3A Series},
  howpublished = {\url{http://www.farnell.com/datasheets/1708156.pdf?_ga=2.237961344.1644471720.1495053855-126531091.1495018934}},
  year = {2017}, 
  note = {Online; accessed 17-May-2017}
}